% This file was created with Citavi 6.8.0.0

@article{Bruhl.2017,
 author = {Br{\"u}hl, Volker},
 year = {2017},
 title = {Bitcoins, Blockchain und Distributed Ledgers},
 urldate = {2021-10-19},
 pages = {135--142},
 pagination = {page},
 volume = {97},
 issn = {0043-6275},
 journaltitle = {Wirtschaftsdienst},
 shortjournal = {Wirtschaftsdienst},
 language = {de},
 doi = {10.1007/s10273-017-2096-3},
 number = {2},
 abstract = {},
 file = {cdfd38ca-b951-4f9c-b82b-dde31486a218:C\:\\Users\\i516994\\AppData\\Local\\Swiss Academic Software\\Citavi 6\\ProjectCache\\q3jbvjfcirf2wu339hna8blp3e5jvmnazc2mqfc8bxl\\Citavi Attachments\\cdfd38ca-b951-4f9c-b82b-dde31486a218.pdf:pdf},
 note = {PII:  2096}
}


@book{Damgard.1999,
 author = {Damg{\aa}rd, I. B.},
 year = {1999},
 title = {Lectures on data security},
 url = {http://www.springer.com/gb/   BLDSS},
 volume = {1561},
 publisher = {Springer},
 isbn = {3-540-65757-6},
 subtitle = {Modern cryptology in theory and practice / Ivan Damg{\aa}rd (ed.)},
 location = {New York},
 series = {Lecture notes in computer science},
 abstract = {}
}


@online{entwickler.de.NaN,
 author = {entwickler.de},
 year = {NaN},
 title = {Bitcoin-Sicherheit durch Verschl{\"u}sselung?},
 url = {https://entwickler.de/security/das-ammenmarchen-der-verschlusselung},
 urldate = {2021-10-15},
 abstract = {Immer wieder liest man, wie stark die Verschl{\"u}sselung von Bitcoin sei. Dieser Artikel soll etwas Licht ins Dunkel bringen.}
}


@book{Fill.2020,
 author = {Fill, Hans-Georg and Meier, Andreas},
 year = {2020},
 title = {Blockchain kompakt},
 edition = {1. Aufl. 2020},
 publisher = {{Springer Vieweg}},
 isbn = {978-3-658-27460-3},
 subtitle = {Grundlagen, Anwendungsoptionen und kritische Bewertung / Hans-Georg Fill, Andreas Meier},
 location = {Wiesbaden},
 series = {IT kompakt},
 abstract = {}
}


@article{Raikwar.2019,
 author = {Raikwar, Mayank and Gligoroski, Danilo and Kralevska, Katina},
 year = {2019},
 title = {SoK of Used Cryptography in Blockchain},
 urldate = {2021-10-15},
 pages = {148550--148575},
 pagination = {page},
 volume = {7},
 journaltitle = {IEEE Access},
 doi = {10.1109/ACCESS.2019.2946983},
 abstract = {},
 file = {039635be-07ed-4ae9-9715-8da1be2fcd5b:C\:\\Users\\i516994\\AppData\\Local\\Swiss Academic Software\\Citavi 6\\ProjectCache\\q3jbvjfcirf2wu339hna8blp3e5jvmnazc2mqfc8bxl\\Citavi Attachments\\039635be-07ed-4ae9-9715-8da1be2fcd5b.pdf:pdf}
}


@article{Satoshi.,
 author = {{Satoshi Nakamoto}},
 title = {Bitcoin: Ein elektronisches Peer-to-Peer- Cash-System},
 url = {https://bitcoin.org/files/bitcoin-paper/bitcoin_de.pdf},
 urldate = {2021-10-14},
 abstract = {},
 pagetotal = {10},
 file = {e8ed440a-ec2e-48d5-9855-0edfef1b2c36:C\:\\Users\\i516994\\AppData\\Local\\Swiss Academic Software\\Citavi 6\\ProjectCache\\q3jbvjfcirf2wu339hna8blp3e5jvmnazc2mqfc8bxl\\Citavi Attachments\\e8ed440a-ec2e-48d5-9855-0edfef1b2c36.pdf:pdf}
}


@article{UK.,
 author = {{UK Government, Cief Scientific Advisor}},
 title = {Distributed Ledger Technology: beyond block chain},
 url = {https://assets.publishing.service.gov.uk/government/uploads/system/uploads/attachment_data/file/492972/gs-16-1-distributed-ledger-technology.pdf},
 urldate = {2021-10-14},
 abstract = {},
 pagetotal = {88},
 file = {08d8c8b1-0f0f-4a14-bbf4-32e29c4349ac:C\:\\Users\\i516994\\AppData\\Local\\Swiss Academic Software\\Citavi 6\\ProjectCache\\q3jbvjfcirf2wu339hna8blp3e5jvmnazc2mqfc8bxl\\Citavi Attachments\\08d8c8b1-0f0f-4a14-bbf4-32e29c4349ac.pdf:pdf}
}


@article{Vidrih.29.12.2018,
 author = {Vidrih, Marko},
 title = {What Is a Block in the Blockchain? - DataDrivenInvestor},
 url = {https://medium.datadriveninvestor.com/what-is-a-block-in-the-blockchain-c7a420270373},
 urldate = {2021-10-22},
 journaltitle = {DataDrivenInvestor},
 date = {2018-12-29},
 abstract = {Bitcoin is based on the blockchain, everyone knows that. But what is this blockchain? More precisely, how can one imagine the individual components of the blockchain, the blocks? The blockchain is a$\ldots$},
 file = {e4be7230-25bb-460f-87f1-0ae103b097a3:C\:\\Users\\i516994\\AppData\\Local\\Swiss Academic Software\\Citavi 6\\ProjectCache\\q3jbvjfcirf2wu339hna8blp3e5jvmnazc2mqfc8bxl\\Citavi Attachments\\e4be7230-25bb-460f-87f1-0ae103b097a3.pdf:pdf}
}


